<?xml version="1.0" encoding="UTF-8"?><collection xmlns="http://www.loc.gov/MARC21/slim"><record><leader>00403nam--2200133-i-4500</leader><controlfield tag="001">000046011</controlfield><controlfield tag="002">20161230</controlfield><controlfield tag="005">20161230201045</controlfield><controlfield tag="008">060222s1000------------r-----000-0-eng-d</controlfield><datafield ind1=" " ind2=" " tag="080"><subfield code="a">548.7(043):681.3.06(043)</subfield></datafield><datafield ind1=" " ind2=" " tag="100"><subfield code="a">Van Der Meer, Hans</subfield></datafield><datafield ind1=" " ind2=" " tag="245"><subfield code="a">Heavy atom crystal structures interpretation of the patterson function by computer</subfield></datafield><datafield ind1=" " ind2=" " tag="260"><subfield code="a">Amsterdam, Univ.Van Amsterdam, 1971, 73p</subfield></datafield><datafield ind1=" " ind2=" " tag="852"><subfield code="a">40555</subfield></datafield></record></collection>